@misc{Python,
  title = {{Python} Programming Language Description},
  howpublished = {\url{https://www.python.org}},
  note = {Accessed: 2022-12-01}
}
@misc{NumPy,
  title = {{NumPy} Python Module Description},
  howpublished = {\url{https://numpy.org/}},
  note = {Accessed: 2022-12-01}
}